@article{churchLogic,
  issn      = {00224812},
  url       = {http://www.jstor.org/stable/2266170},
  author    = {Alonzo Church},
  journal   = {The Journal of Symbolic Logic},
  number    = {2},
  pages     = {56--68},
  publisher = {Association for Symbolic Logic},
  title     = {A Formulation of the Simple Theory of Types},
  volume    = {5},
  year      = {1940}
}

@book{baader_nipkow_1998,
  place     = {Cambridge},
  title     = {Term Rewriting and All That},
  doi       = {10.1017/CBO9781139172752},
  publisher = {Cambridge University Press},
  author    = {Baader, Franz and Nipkow, Tobias},
  year      = {1998}
}

@misc{systemTInTS,
  author       = {Kyashif, Denis},
  title        = {GÃ¶del's System T in TypeScript},
  howpublished = {\url{https://deniskyashif.com/2019/06/05/g%C3%B6dels-system-t-in-typescript/}},
  year         = {2019},
  note         = {Accessed: 2020-09-19}
}

@misc{lambdaCalcInTS,
  author       = {Piccinin, Enrico},
  title        = {Let's code the roots of Functional Programming: Lambda calculus implemented in Typescript},
  howpublished = {\url{https://medium.com/hackernoon/lets-code-the-roots-of-functional-programming-lambda-calculus-implemented-in-typescript-36806ebc2857}},
  year         = {2019},
  note         = {Accessed: 2020-09-19}
}

@book{pierce2002ProgLang,
  author    = {Pierce, Benjamin C.},
  title     = {Types and Programming Languages},
  publisher = {The MIT Press, Cambridge, MA, USA},
  year      = {2002}
}

@article{aturingMachine,
  author  = {Turing, A. M.},
  title   = {{On Computable Numbers, with an Application to the Entscheidungsproblem}},
  journal = {Proceedings of the London Mathematical Society},
  volume  = {s2-42},
  number  = {1},
  pages   = {230-265},
  year    = {1937},
  month   = {01},
  issn    = {0024-6115},
  doi     = {10.1112/plms/s2-42.1.230},
  url     = {https://doi.org/10.1112/plms/s2-42.1.230},
  eprint  = {https://academic.oup.com/plms/article-pdf/s2-42/1/230/4317544/s2-42-1-230.pdf}
}